USAGE:

\bibliographystyle{mybstfile}
\bibliography{IEEEabrv,mybibfile}

where the IEEE titles in the .bib database entries use the strings
defined here. e.g.,


   journal = IEEE_J_AC,


to yield "{IEEE} Trans. Automat. Contr."


IEEE uses abbreviated journal titles in their bibliographies -
this file is suitable for work that is to be submitted to the IEEE.


For work that requires full-length titles, you should use the full
titles provided in the companion file, IEEEfull.bib.


** NOTES **

 1. Journals have been grouped according to subject in order to make it
    easier to locate and extract the definitions for related journals - 
    as most works use references that are confined to a single topic.
    Magazines are listed in straight alphabetical order.

 2. String names are closely based on IEEE's own internal acronyms.
 
 3. Abbreviations follow IEEE's style.

 4. Older, out-of-print IEEE titles are included (but not including titles
    dating prior to IEEE's formation from the IRE and AIEE in 1963).

 5. The following NEW/current journal definitions have been disabled because
    their abbreviations have not yet been verified:
    
    STRING{IEEE_J_CBB        = "{IEEE/ACM} Trans. Comput. Biology Bioinformatics"}
    STRING{IEEE_J_CJECE      = "Canadian J. Elect. Comput. Eng."}
    STRING{IEEE_J_DSC        = "{IEEE} Trans. Dependable Secure Comput."}
    STRING{IEEE_O_DSO        = "{IEEE} Distrib. Syst. Online"}
    
 6. The following OLD journal definitions have been disabled because
    their abbreviations have not yet been found/verified:

    STRING{IEEE_J_BCTV       = "{IEEE} Trans. Broadcast Television Receivers"}
    STRING{IEEE_J_EWS        = "{IEEE} Trans. Eng. Writing Speech"}

If you know what the proper abbreviation is for a string in #5 or #6 above,
email me and I will correct them in the next release.





IEEE Journals 
@STRING{IEEE_J_ITS        = "{IEEE} Trans. Intell. Transp. Syst."}
@STRING{IEEE_J_VT         = "{IEEE} Trans. Veh. Technol."}
@STRING{IEEE_J_VC         = "{IEEE} Trans. Veh. Commun."}
@STRING{IEEE_J_COML       = "{IEEE} Commun. Lett."}
@STRING{IEEE_J_JSAC       = "{IEEE} J. Sel. Areas Commun."}
@STRING{IEEE_J_COM        = "{IEEE} Trans. Commun."}
@STRING{IEEE_J_COMT       = "{IEEE} Trans. Commun. Technol."}
@STRING{IEEE_J_WCOM       = "{IEEE} Trans. Wireless Commun."}
@STRING{IEEE_J_IT         = "{IEEE} Trans. Inf. Theory"}
@STRING{IEEE_J_C          = "{IEEE} Trans. Comput."}
@STRING{IEEE_J_DSC        = "{IEEE} Trans. Dependable Secure Comput."}
@STRING{IEEE_J_FUZZ       = "{IEEE} Trans. Fuzzy Syst."}
@STRING{IEEE_J_IFS        = "{IEEE} Trans. Inf. Forensics Security"}
@STRING{IEEE_J_MC         = "{IEEE} Trans. Mobile Comput."}
@STRING{IEEE_J_NET        = "{IEEE/ACM} Trans. Netw."}
@STRING{IEEE_J_PDS        = "{IEEE} Trans. Parallel Distrib. Syst."}

@STRING{GCOM        = "{IEEE GLOBECOM}"}
@STRING{ICC         = "{IEEE ICC}"}
@STRING{INFOCOM     = "{IEEE INFOCOM}"}
@STRING{ISIT        = "{IEEE ISIT}"}
@STRING{RFID        = "{IEEE RFID}"}

@inproceedings{moser2007limits,
  title={Limits of static analysis for malware detection},
  author={Moser, Andreas and Kruegel, Christopher and Kirda, Engin},
  booktitle={Computer security applications conference, 2007. ACSAC 2007. Twenty-third annual},
  pages={421--430},
  year={2007},
  organization={IEEE}
}

@article{egele2012survey,
  title={A survey on automated dynamic malware-analysis techniques and tools},
  author={Egele, Manuel and Scholte, Theodoor and Kirda, Engin and Kruegel, Christopher},
  journal={ACM computing surveys (CSUR)},
  volume={44},
  number={2},
  pages={6},
  year={2012},
  publisher={ACM}
}

@inproceedings{enck2009lightweight,
  title={On lightweight mobile phone application certification},
  author={Enck, William and Ongtang, Machigar and McDaniel, Patrick},
  booktitle={Proceedings of the 16th ACM conference on Computer and communications security},
  pages={235--245},
  year={2009},
  organization={ACM}
}

@inproceedings{deshotels2014droidlegacy,
  title={Droidlegacy: Automated familial classification of android malware},
  author={Deshotels, Luke and Notani, Vivek and Lakhotia, Arun},
  booktitle={Proceedings of ACM SIGPLAN on program protection and reverse engineering workshop 2014},
  pages={3},
  year={2014},
  organization={ACM}
}

@article{xu2016iccdetector,
  title={ICCDetector: ICC-based malware detection on Android},
  author={Xu, Ke and Li, Yingjiu and Deng, Robert H},
  journal={IEEE Transactions on Information Forensics and Security},
  volume={11},
  number={6},
  pages={1252--1264},
  year={2016},
  publisher={IEEE}
}

@article{sun2017monet,
  title={Monet: a user-oriented behavior-based malware variants detection system for android},
  author={Sun, Mingshen and Li, Xiaolei and Lui, John CS and Ma, Richard TB and Liang, Zhenkai},
  journal={IEEE Transactions on Information Forensics and Security},
  volume={12},
  number={5},
  pages={1103--1112},
  year={2017},
  publisher={IEEE}
}

@article{wang2018detecting,
  title={Detecting android malware leveraging text semantics of network flows},
  author={Wang, Shanshan and Yan, Qiben and Chen, Zhenxiang and Yang, Bo and Zhao, Chuan and Conti, Mauro},
  journal={IEEE Transactions on Information Forensics and Security},
  volume={13},
  number={5},
  pages={1096--1109},
  year={2018},
  publisher={IEEE}
}

@article{garg2017network,
  title={Network-based detection of Android malicious apps},
  author={Garg, Shree and Peddoju, Sateesh K and Sarje, Anil K},
  journal={International Journal of Information Security},
  volume={16},
  number={4},
  pages={385--400},
  year={2017},
  publisher={Springer}
}

@inproceedings{arora2018ntpdroid,
  title={NTPDroid: A Hybrid Android Malware Detector Using Network Traffic and System Permissions},
  author={Arora, Anshul and Peddoju, Sateesh K},
  booktitle={2018 17th IEEE International Conference On Trust, Security And Privacy In Computing And Communications/12th IEEE International Conference On Big Data Science And Engineering (TrustCom/BigDataSE)},
  pages={808--813},
  year={2018},
  organization={IEEE}
}

@inproceedings{rastogi2013droidchameleon,
  title={Droidchameleon: evaluating android anti-malware against transformation attacks},
  author={Rastogi, Vaibhav and Chen, Yan and Jiang, Xuxian},
  booktitle={Proceedings of the 8th ACM SIGSAC symposium on Information, computer and communications security},
  pages={329--334},
  year={2013},
  organization={ACM}
}

@inproceedings{zheng2012adam,
  title={ADAM: an automatic and extensible platform to stress test android anti-virus systems},
  author={Zheng, Min and Lee, Patrick PC and Lui, John CS},
  booktitle={International conference on detection of intrusions and malware, and vulnerability assessment},
  pages={82--101},
  year={2012},
  organization={Springer}
}

@article{faruki2015android,
  title={Android security: a survey of issues, malware penetration, and defenses},
  author={Faruki, Parvez and Bharmal, Ammar and Laxmi, Vijay and Ganmoor, Vijay and Gaur, Manoj Singh and Conti, Mauro and Rajarajan, Muttukrishnan},
  journal={IEEE communications surveys \& tutorials},
  volume={17},
  number={2},
  pages={998--1022},
  year={2015},
  publisher={IEEE}
}

@misc{studio2016official,
  title={Android Studio},
  howpublished={https://developer.android.com/studio/index.html}
}

@misc{jacobson1989tcpdump,
  title={The TCPDUMP \& LiBPCAP},
  howpublished = {https://www.tcpdump.org}
}

@misc{contagio,
  title = {Contagio},
  howpublished = {http://contagiodump.blogspot.jp}
}

@misc{combs2017tshark,
  title={Tshark-the wireshark network analyser},
  howpublished = {http://www.wireshark.org}
}

@misc{openssl,
  title={OpenSSL Cryptgraphy and SSL/TLS Toolkit},
  howpublished = {https://www.openssl.org}
}

@inproceedings{allix2016androzoo,
  title={Androzoo: Collecting millions of android apps for the research community},
  author={Allix, Kevin and Bissyand{\'e}, Tegawend{\'e} F and Klein, Jacques and Le Traon, Yves},
  booktitle={Mining Software Repositories (MSR), 2016 IEEE/ACM 13th Working Conference on},
  pages={468--471},
  year={2016},
  organization={IEEE}
}

@inproceedings{arp2014drebin,
  title={DREBIN: Effective and Explainable Detection of Android Malware in Your Pocket.},
  author={Arp, Daniel and Spreitzenbarth, Michael and Hubner, Malte and Gascon, Hugo and Rieck, Konrad and Siemens, CERT},
  booktitle={Ndss},
  volume={14},
  pages={23--26},
  year={2014}
}

@misc{virusshare,
  title={virusshare.com},
  howpublished = {https://virusshare.com}
}

@article{breiman2001random,
  title={Random forests},
  author={Breiman, Leo},
  journal={Machine learning},
  volume={45},
  number={1},
  pages={5--32},
  year={2001},
  publisher={Springer}
}

@misc{virustotal,
  title={VirusTotal.com},
  howpublished = {Available: https://virusshare.com}
}

@misc{share,
  author={IDC},
  title={Smartphone os market share, 2018 q3},
  howpublished = {Available: https://www.idc.com/promo/smartphone-market-share/os}
}

@inproceedings{kohavi1995study,
  title={A study of cross-validation and bootstrap for accuracy estimation and model selection},
  author={Kohavi, Ron and others},
  booktitle={Ijcai},
  volume={14},
  number={2},
  pages={1137--1145},
  year={1995},
  organization={Montreal, Canada}
}
